<record><leader>00000cas a22000007a 4500</leader><controlfield tag="001">29321763</controlfield><controlfield tag="008">931113d19921993inuwr ne      0    0eng d</controlfield><datafield ind1=" " ind2=" " tag="010"><subfield code="a">sn 93049011 </subfield></datafield><datafield ind1=" " ind2=" " tag="040"><subfield code="a">NPI</subfield><subfield code="b">eng</subfield><subfield code="c">NPI</subfield><subfield code="d">NSD</subfield><subfield code="d">NPI</subfield><subfield code="d">IUL</subfield><subfield code="d">OCLCF</subfield></datafield><datafield ind1=" " ind2=" " tag="042"><subfield code="a">msc</subfield></datafield><datafield ind1=" " ind2=" " tag="043"><subfield code="a">n-us-in</subfield></datafield><datafield ind1="0" ind2=" " tag="130"><subfield code="a">Gazette (Danville, Ind.)</subfield></datafield><datafield ind1="0" ind2="4" tag="245"><subfield code="a">The gazette.</subfield></datafield><datafield ind1=" " ind2=" " tag="260"><subfield code="a">Danville, IN :</subfield><subfield code="b">Metropolitan Media, Inc.,</subfield><subfield code="c">1992-</subfield></datafield><datafield ind1=" " ind2=" " tag="300"><subfield code="a">v. :</subfield><subfield code="b">ill. ;</subfield><subfield code="c">58 cm.</subfield></datafield><datafield ind1=" " ind2=" " tag="310"><subfield code="a">Weekly</subfield></datafield><datafield ind1="0" ind2=" " tag="362"><subfield code="a">Vol. 112, no. 32 (Aug. 4, 1992)-</subfield></datafield><datafield ind1="1" ind2=" " tag="362"><subfield code="a">Ceased Dec. 1993.</subfield></datafield><datafield ind1=" " ind2="0" tag="651"><subfield code="a">Brownsburg (Ind.)</subfield><subfield code="v">Newspapers.</subfield></datafield><datafield ind1=" " ind2="0" tag="651"><subfield code="a">Avon (Ind.)</subfield><subfield code="v">Newspapers.</subfield></datafield><datafield ind1=" " ind2="0" tag="651"><subfield code="a">Hendricks County (Ind.)</subfield><subfield code="v">Newspapers.</subfield></datafield><datafield ind1=" " ind2="7" tag="655"><subfield code="a">Newspapers.</subfield><subfield code="2">fast</subfield><subfield code="0">(OCoLC)fst01423814</subfield></datafield><datafield ind1=" " ind2="7" tag="651"><subfield code="a">Indiana</subfield><subfield code="z">Avon.</subfield><subfield code="2">fast</subfield><subfield code="0">(OCoLC)fst01286489</subfield></datafield><datafield ind1=" " ind2="7" tag="651"><subfield code="a">Indiana</subfield><subfield code="z">Brownsburg.</subfield><subfield code="2">fast</subfield><subfield code="0">(OCoLC)fst01237919</subfield></datafield><datafield ind1=" " ind2="7" tag="651"><subfield code="a">Indiana</subfield><subfield code="z">Hendricks County.</subfield><subfield code="2">fast</subfield><subfield code="0">(OCoLC)fst01206786</subfield></datafield><datafield ind1=" " ind2=" " tag="752"><subfield code="a">United States</subfield><subfield code="b">Indiana</subfield><subfield code="c">Hendricks</subfield><subfield code="d">Avon.</subfield></datafield><datafield ind1=" " ind2=" " tag="752"><subfield code="a">United States</subfield><subfield code="b">Indiana</subfield><subfield code="c">Hendricks</subfield><subfield code="d">Danville.</subfield></datafield><datafield ind1="0" ind2="1" tag="780"><subfield code="t">Hendricks County guide-gazette</subfield><subfield code="x">1046-994X</subfield><subfield code="w">(DLC)sn 89099038</subfield><subfield code="w">(OCoLC)20481315</subfield></datafield><datafield ind1="0" ind2="7" tag="785"><subfield code="t">Guide (Brownsburg, Ind. : 1992)</subfield><subfield code="x">1070-6119</subfield><subfield code="w">(DLC)sn 93007590</subfield><subfield code="w">(OCoLC)28438248</subfield></datafield><datafield ind1="0" ind2="7" tag="785"><subfield code="t">Guide-gazette (Brownsburg, Ind.)</subfield><subfield code="x">1074-4991</subfield><subfield code="w">(DLC)sn 93049024</subfield><subfield code="w">(OCoLC)29524866</subfield></datafield><datafield ind1=" " ind2=" " tag="936"><subfield code="a">Vol. 113, no. 17 (Apr. 21, 1993) LIC</subfield></datafield></record>